@article{Nobata2016,
  title={Abusive Language Detection in Online User Content},
  author={Nobata, Tetreault and Thomas, Mehdad and Chang},
  year={2016}
}

%http://ieeexplore.ieee.org/document/6936976/

@article{Dinsoreanu2014,
  title={Identification of spam comments using natural language processing techniques},
  author={Dinsoreanu, Rădulescu,  Potolea},
  journal={ Intelligent Computer Communication and Processing},
  year={2014},
  publisher={IEEE}
}

@book{Jurafsky2008,
    author    = "Dan Jurafsky and James H.Martin",
    title     = "Speech and Language Processing",
    year      = "2008",
    publisher = "Prentice Hall",
}

@book{Manning1999,
    author    = "Christopher S Manning",
    title     = "Foundations of Statistical Natural Language Processing",
    year      = "1999",
    publisher = "Mit University Press Group Ltd",
}

@book{Huber2009,
    author    = "Bernhard M. Huber",
    title     = "Managementsysteme für IT-Serviceorganisationen: Entwicklung und Umsetzung mit EFQM, COBIT, ISO 20000, ITIL",
    year      = "2009",
    publisher = "dpunkt Verlag",
}