%http://www.cs.utsa.edu/~xwang/papers/icse08.pdf
@inproceedings{Dinsoreanu2014,
  title={Identification of spam comments using natural language processing techniques},
  author={R{\u{a}}dulescu, Cristina and Dinsoreanu, Mihaela and Potolea, Rodica},
  booktitle={Intelligent Computer Communication and Processing (ICCP), 2014 IEEE International Conference on},
  pages={29--35},
  year={2014},
  organization={IEEE}
}

%http://ieeexplore.ieee.org/document/6936976/
@inproceedings{Nobata2016,
  title={Abusive language detection in online user content},
  author={Nobata, Chikashi and Tetreault, Joel and Thomas, Achint and Mehdad, Yashar and Chang, Yi},
  booktitle={Proceedings of the 25th International Conference on World Wide Web},
  pages={145--153},
  year={2016},
  organization={International World Wide Web Conferences Steering Committee}
}

%https://arxiv.org/abs/1610.05256
@article{xiong2016achieving,
  title={Achieving human parity in conversational speech recognition},
  author={Xiong, Wayne and Droppo, Jasha and Huang, Xuedong and Seide, Frank and Seltzer, Mike and Stolcke, Andreas and Yu, Dong and Zweig, Geoffrey},
  journal={arXiv preprint arXiv:1610.05256},
  year={2016}
}

%https://pdfs.semanticscholar.org/c110/0f525044b2b926f7bd7f407ce7b0157bcfd8.pdf
@inproceedings{steinbach2000comparison,
  title={A comparison of document clustering techniques},
  author={Steinbach, Michael and Karypis, George and Kumar, Vipin},
  booktitle={KDD workshop on text mining},
  volume={400},
  number={1},
  pages={525--526},
  year={2000},
  organization={Boston}
}

%https://pdfs.semanticscholar.org/e5d9/0f1173b05fa0f2f9f902e0efa6fe44b77485.pdf
%@article{sebastiani2006classification,
%  title={Classification of text, automatic},
%  author={Sebastiani, Fabrizio},
%  journal={The encyclopedia of language and linguistics},
%  volume={14},
%  pages={457--462},
%  year={2006}
%}
@book{brown2006encyclopedia,
  title={Encyclopedia of language \& linguistics},
  author={Brown, Keith and Anderson, Anne H and Bauer, Laurie and Berns, Margie S and Miller, James Edward and Hirst, Graeme},
  volume={1},
  year={2006},
  publisher={Elsevier Amsterdam}
}

%
%Dann, D.; Hauser, M.; Hanke, J. (2017): Reconstructing the Giant: Automating the Categorization of
%Scientific Articles with Deep Learning Techniques, in Leimeister, J.M.; Brenner, W. (Hrsg.): Proceedings
%der 13. Internationalen Tagung Wirtschaftsinformatik (WI 2017), St. Gallen, S. 1538-1549

%https://www.wi2017.ch/images/wi2017-st_paper_7.pdf
@article{DannReconstructing,
  title={Reconstructing the Giant: Automating the Categorization of Scientific Articles with Deep Learning Techniques},
  author={Dann, David and Hauser, Matthias and Hanke, Jannis},
	pages={1538--1549},
	year={2017},
	journal={Proceedings der 13. Internationalen Tagung Wirtschaftsinformatik (WI 2017), St. Gallen},
}
%http://www.math-info.univ-paris5.fr/~lomn/Cours/DM/Material/article1.pdf
@inproceedings{rodrigues2004scalable,
  title={A scalable hierarchical fuzzy clustering algorithm for text mining},
  author={Rodrigues, Mendes and Sacks, L.},
  booktitle={Proceedings of the 5th international conference on recent advances in soft computing},
  pages={269--274},
  year={2004}
}

%http://dl.acm.org/citation.cfm?id=1248882
@article{Rohit2014,
  title={Spam detection using natural language processing},
  author={Giyanani, Rohit and Desai, Mukti},
  journal={IOSR Journals (IOSR Journal of Computer Engineering)},
  volume={1},
  number={16},
  pages={116--119},
  year={2013}
}